@book{ GarJoh1979,
  author    = {Michael R. Garey and David S. Johnson},
  title     = {Computers and Intractability---A Guide to the Theory of NP-Completeness},
  publisher = {W. H. Freeman and Company},
  year      = {1979}
}

@book{ Wae2008,
  author    = {W{\"a}tjen, Dietmar},
  title     = {Kryptographie---Grundlagen, Algorithmen, Protokolle},
  publisher = {Springer},
  year      = 2008   
}

@book{skiena1998,
	title={The algorithm design manual},
	author={Skiena, Steven S},
	volume={1},
	year={1998},
	publisher={Springer Science \& Business Media}
}
